@book{programming.rust.2021,
author = {Jim Blandy and Jason Orendorff and Leonora F. S. Tindall},
title = {Programming Rust},
year = {2021},
subtitle = {Fast, Safe Systems Development},
edition = {2},
publisher = {O'Reilly Media, Inc.},
isbn = {978-1-492-05259-3},
pages = {738},
}
